@ARTICLE{1712.09763,
       author = {{Chen}, Xi and {Mishra}, Nikhil and {Rohaninejad}, Mostafa and
         {Abbeel}, Pieter},
        title = "{PixelSNAIL: An Improved Autoregressive Generative Model}",
      journal = {arXiv e-prints},
     keywords = {Computer Science - Machine Learning, Statistics - Machine Learning},
         year = "2017",
        month = "Dec",
          eid = {arXiv:1712.09763},
        pages = {arXiv:1712.09763},
archivePrefix = {arXiv},
       eprint = {1712.09763},
 primaryClass = {cs.LG},
       adsurl = {https://ui.adsabs.harvard.edu/\#abs/2017arXiv171209763C},
      adsnote = {Provided by the SAO/NASA Astrophysics Data System}
}

@ARTICLE{1808.07910,
       author = {{Ford}, Nicolas and {Duckworth}, Daniel and {Norouzi}, Mohammad and
         {Dahl}, George E.},
        title = "{The Importance of Generation Order in Language Modeling}",
      journal = {arXiv e-prints},
     keywords = {Computer Science - Machine Learning, Computer Science - Computation and Language, Statistics - Machine Learning},
         year = "2018",
        month = "Aug",
          eid = {arXiv:1808.07910},
        pages = {arXiv:1808.07910},
archivePrefix = {arXiv},
       eprint = {1808.07910},
 primaryClass = {cs.LG},
       adsurl = {https://ui.adsabs.harvard.edu/\#abs/2018arXiv180807910F},
      adsnote = {Provided by the SAO/NASA Astrophysics Data System}
}

@ARTICLE{1409.3215,
       author = {{Sutskever}, Ilya and {Vinyals}, Oriol and {Le}, Quoc V.},
        title = "{Sequence to Sequence Learning with Neural Networks}",
      journal = {arXiv e-prints},
     keywords = {Computer Science - Computation and Language, Computer Science - Machine Learning},
         year = "2014",
        month = "Sep",
          eid = {arXiv:1409.3215},
        pages = {arXiv:1409.3215},
archivePrefix = {arXiv},
       eprint = {1409.3215},
 primaryClass = {cs.CL},
       adsurl = {https://ui.adsabs.harvard.edu/\#abs/2014arXiv1409.3215S},
      adsnote = {Provided by the SAO/NASA Astrophysics Data System}
}

@Article{1706.03762,
       author = {{Vaswani}, Ashish and {Shazeer}, Noam and {Parmar}, Niki and
         {Uszkoreit}, Jakob and {Jones}, Llion and {Gomez}, Aidan N. and
         {Kaiser}, Lukasz and {Polosukhin}, Illia},
        title = "{Attention Is All You Need}",
      journal = {arXiv e-prints},
     keywords = {Computer Science - Computation and Language, Computer Science - Machine Learning},
         year = "2017",
        month = "Jun",
          eid = {arXiv:1706.03762},
        pages = {arXiv:1706.03762},
archivePrefix = {arXiv},
       eprint = {1706.03762},
 primaryClass = {cs.CL},
       adsurl = {https://ui.adsabs.harvard.edu/\#abs/2017arXiv170603762V},
      adsnote = {Provided by the SAO/NASA Astrophysics Data System}
}

@ARTICLE{1705.03122,
       author = {{Gehring}, Jonas and {Auli}, Michael and {Grangier}, David and
         {Yarats}, Denis and {Dauphin}, Yann N.},
        title = "{Convolutional Sequence to Sequence Learning}",
      journal = {arXiv e-prints},
     keywords = {Computer Science - Computation and Language},
         year = "2017",
        month = "May",
          eid = {arXiv:1705.03122},
        pages = {arXiv:1705.03122},
archivePrefix = {arXiv},
       eprint = {1705.03122},
 primaryClass = {cs.CL},
       adsurl = {https://ui.adsabs.harvard.edu/\#abs/2017arXiv170503122G},
      adsnote = {Provided by the SAO/NASA Astrophysics Data System}
}

@ARTICLE{1409.0473,
       author = {{Bahdanau}, Dzmitry and {Cho}, Kyunghyun and {Bengio}, Yoshua},
        title = "{Neural Machine Translation by Jointly Learning to Align and Translate}",
      journal = {arXiv e-prints},
     keywords = {Computer Science - Computation and Language, Computer Science - Machine Learning, Computer Science - Neural and Evolutionary Computing, Statistics - Machine Learning},
         year = "2014",
        month = "Sep",
          eid = {arXiv:1409.0473},
        pages = {arXiv:1409.0473},
archivePrefix = {arXiv},
       eprint = {1409.0473},
 primaryClass = {cs.CL},
       adsurl = {https://ui.adsabs.harvard.edu/\#abs/2014arXiv1409.0473B},
      adsnote = {Provided by the SAO/NASA Astrophysics Data System}
}

@ARTICLE{1411.4555,
       author = {{Vinyals}, Oriol and {Toshev}, Alexander and {Bengio}, Samy and
         {Erhan}, Dumitru},
        title = "{Show and Tell: A Neural Image Caption Generator}",
      journal = {arXiv e-prints},
     keywords = {Computer Science - Computer Vision and Pattern Recognition},
         year = "2014",
        month = "Nov",
          eid = {arXiv:1411.4555},
        pages = {arXiv:1411.4555},
archivePrefix = {arXiv},
       eprint = {1411.4555},
 primaryClass = {cs.CV},
       adsurl = {https://ui.adsabs.harvard.edu/\#abs/2014arXiv1411.4555V},
      adsnote = {Provided by the SAO/NASA Astrophysics Data System}
}


@ARTICLE{1505.00487,
       author = {{Venugopalan}, Subhashini and {Rohrbach}, Marcus and {Donahue}, Jeff and
         {Mooney}, Raymond and {Darrell}, Trevor and {Saenko}, Kate},
        title = "{Sequence to Sequence -- Video to Text}",
      journal = {arXiv e-prints},
     keywords = {Computer Science - Computer Vision and Pattern Recognition},
         year = "2015",
        month = "May",
          eid = {arXiv:1505.00487},
        pages = {arXiv:1505.00487},
archivePrefix = {arXiv},
       eprint = {1505.00487},
 primaryClass = {cs.CV},
       adsurl = {https://ui.adsabs.harvard.edu/\#abs/2015arXiv150500487V},
      adsnote = {Provided by the SAO/NASA Astrophysics Data System}
}

@ARTICLE{1712.01769,
       author = {{Chiu}, Chung-Cheng and {Sainath}, Tara N. and {Wu}, Yonghui and
         {Prabhavalkar}, Rohit and {Nguyen}, Patrick and {Chen}, Zhifeng and
         {Kannan}, Anjuli and {Weiss}, Ron J. and {Rao}, Kanishka and
         {Gonina}, Ekaterina and {Jaitly}, Navdeep and {Li}, Bo and
         {Chorowski}, Jan and {Bacchiani}, Michiel},
        title = "{State-of-the-art Speech Recognition With Sequence-to-Sequence Models}",
      journal = {arXiv e-prints},
     keywords = {Computer Science - Computation and Language, Computer Science - Sound, Electrical Engineering and Systems Science - Audio and Speech Processing, Statistics - Machine Learning},
         year = "2017",
        month = "Dec",
          eid = {arXiv:1712.01769},
        pages = {arXiv:1712.01769},
archivePrefix = {arXiv},
       eprint = {1712.01769},
 primaryClass = {cs.CL},
       adsurl = {https://ui.adsabs.harvard.edu/\#abs/2017arXiv171201769C},
      adsnote = {Provided by the SAO/NASA Astrophysics Data System}
}

@ARTICLE{1609.03499,
       author = {{van den Oord}, Aaron and {Dieleman}, Sander and {Zen}, Heiga and
         {Simonyan}, Karen and {Vinyals}, Oriol and {Graves}, Alex and
         {Kalchbrenner}, Nal and {Senior}, Andrew and {Kavukcuoglu}, Koray},
        title = "{WaveNet: A Generative Model for Raw Audio}",
      journal = {arXiv e-prints},
     keywords = {Computer Science - Sound, Computer Science - Machine Learning},
         year = "2016",
        month = "Sep",
          eid = {arXiv:1609.03499},
        pages = {arXiv:1609.03499},
archivePrefix = {arXiv},
       eprint = {1609.03499},
 primaryClass = {cs.SD},
       adsurl = {https://ui.adsabs.harvard.edu/\#abs/2016arXiv160903499V},
      adsnote = {Provided by the SAO/NASA Astrophysics Data System}
}

@ARTICLE{1810.04805,
       author = {{Devlin}, Jacob and {Chang}, Ming-Wei and {Lee}, Kenton and
         {Toutanova}, Kristina},
        title = "{BERT: Pre-training of Deep Bidirectional Transformers for Language Understanding}",
      journal = {arXiv e-prints},
     keywords = {Computer Science - Computation and Language},
         year = "2018",
        month = "Oct",
          eid = {arXiv:1810.04805},
        pages = {arXiv:1810.04805},
archivePrefix = {arXiv},
       eprint = {1810.04805},
 primaryClass = {cs.CL},
       adsurl = {https://ui.adsabs.harvard.edu/\#abs/2018arXiv181004805D},
      adsnote = {Provided by the SAO/NASA Astrophysics Data System}
}

@ARTICLE{1707.00896,
       author = {{Pappas}, Nikolaos and {Popescu-Belis}, Andrei},
        title = "{Multilingual Hierarchical Attention Networks for Document Classification}",
      journal = {arXiv e-prints},
     keywords = {Computer Science - Computation and Language},
         year = "2017",
        month = "Jul",
          eid = {arXiv:1707.00896},
        pages = {arXiv:1707.00896},
archivePrefix = {arXiv},
       eprint = {1707.00896},
 primaryClass = {cs.CL},
       adsurl = {https://ui.adsabs.harvard.edu/\#abs/2017arXiv170700896P},
      adsnote = {Provided by the SAO/NASA Astrophysics Data System}
}

@ARTICLE{1706.05137,
       author = {{Kaiser}, Lukasz and {Gomez}, Aidan N. and {Shazeer}, Noam and
         {Vaswani}, Ashish and {Parmar}, Niki and {Jones}, Llion and
         {Uszkoreit}, Jakob},
        title = "{One Model To Learn Them All}",
      journal = {arXiv e-prints},
     keywords = {Computer Science - Machine Learning, Statistics - Machine Learning},
         year = "2017",
        month = "Jun",
          eid = {arXiv:1706.05137},
        pages = {arXiv:1706.05137},
archivePrefix = {arXiv},
       eprint = {1706.05137},
 primaryClass = {cs.LG},
       adsurl = {https://ui.adsabs.harvard.edu/\#abs/2017arXiv170605137K},
      adsnote = {Provided by the SAO/NASA Astrophysics Data System}
}

@ARTICLE{1611.04558,
       author = {{Johnson}, Melvin and {Schuster}, Mike and {Le}, Quoc V. and
         {Krikun}, Maxim and {Wu}, Yonghui and {Chen}, Zhifeng and
         {Thorat}, Nikhil and {Vi{\'e}gas}, Fernanda and {Wattenberg}, Martin and
         {Corrado}, Greg and {Hughes}, Macduff and {Dean}, Jeffrey},
        title = "{Google's Multilingual Neural Machine Translation System: Enabling Zero-Shot Translation}",
      journal = {arXiv e-prints},
     keywords = {Computer Science - Computation and Language, Computer Science - Artificial Intelligence},
         year = "2016",
        month = "Nov",
          eid = {arXiv:1611.04558},
        pages = {arXiv:1611.04558},
archivePrefix = {arXiv},
       eprint = {1611.04558},
 primaryClass = {cs.CL},
       adsurl = {https://ui.adsabs.harvard.edu/\#abs/2016arXiv161104558J},
      adsnote = {Provided by the SAO/NASA Astrophysics Data System}
}

@ARTICLE{1810.13409,
       author = {{Press}, Ofir and {Smith}, Noah A.},
        title = "{You May Not Need Attention}",
      journal = {arXiv e-prints},
     keywords = {Computer Science - Computation and Language},
         year = "2018",
        month = "Oct",
          eid = {arXiv:1810.13409},
        pages = {arXiv:1810.13409},
archivePrefix = {arXiv},
       eprint = {1810.13409},
 primaryClass = {cs.CL},
       adsurl = {https://ui.adsabs.harvard.edu/\#abs/2018arXiv181013409P},
      adsnote = {Provided by the SAO/NASA Astrophysics Data System}
}

@ARTICLE{1809.03985,
       author = {{Alkhouli}, Tamer and {Bretschner}, Gabriel and {Ney}, Hermann},
        title = "{On The Alignment Problem In Multi-Head Attention-Based Neural Machine Translation}",
      journal = {arXiv e-prints},
     keywords = {Computer Science - Computation and Language},
         year = "2018",
        month = "Sep",
          eid = {arXiv:1809.03985},
        pages = {arXiv:1809.03985},
archivePrefix = {arXiv},
       eprint = {1809.03985},
 primaryClass = {cs.CL},
       adsurl = {https://ui.adsabs.harvard.edu/\#abs/2018arXiv180903985A},
      adsnote = {Provided by the SAO/NASA Astrophysics Data System}
}

@ARTICLE{1902.10186,
       author = {{Jain}, Sarthak and {Wallace}, Byron C.},
        title = "{Attention is not Explanation}",
      journal = {arXiv e-prints},
     keywords = {Computer Science - Computation and Language, Computer Science - Artificial Intelligence},
         year = "2019",
        month = "Feb",
          eid = {arXiv:1902.10186},
        pages = {arXiv:1902.10186},
archivePrefix = {arXiv},
       eprint = {1902.10186},
 primaryClass = {cs.CL},
       adsurl = {https://ui.adsabs.harvard.edu/\#abs/2019arXiv190210186J},
      adsnote = {Provided by the SAO/NASA Astrophysics Data System}
}

@ARTICLE{1807.03819,
       author = {{Dehghani}, Mostafa and {Gouws}, Stephan and {Vinyals}, Oriol and
         {Uszkoreit}, Jakob and {Kaiser}, {\L}ukasz},
        title = "{Universal Transformers}",
      journal = {arXiv e-prints},
     keywords = {Computer Science - Computation and Language, Computer Science - Machine Learning, Statistics - Machine Learning},
         year = "2018",
        month = "Jul",
          eid = {arXiv:1807.03819},
        pages = {arXiv:1807.03819},
archivePrefix = {arXiv},
       eprint = {1807.03819},
 primaryClass = {cs.CL},
       adsurl = {https://ui.adsabs.harvard.edu/\#abs/2018arXiv180703819D},
      adsnote = {Provided by the SAO/NASA Astrophysics Data System}
}

@ARTICLE{1804.10306,
       author = {{Yarotsky}, Dmitry},
        title = "{Universal approximations of invariant maps by neural networks}",
      journal = {arXiv e-prints},
     keywords = {Computer Science - Neural and Evolutionary Computing},
         year = "2018",
        month = "Apr",
          eid = {arXiv:1804.10306},
        pages = {arXiv:1804.10306},
archivePrefix = {arXiv},
       eprint = {1804.10306},
 primaryClass = {cs.NE},
       adsurl = {https://ui.adsabs.harvard.edu/\#abs/2018arXiv180410306Y},
      adsnote = {Provided by the SAO/NASA Astrophysics Data System}
}

@ARTICLE{1711.02132,
       author = {{Ahmed}, Karim and {Shirish Keskar}, Nitish and {Socher}, Richard},
        title = "{Weighted Transformer Network for Machine Translation}",
      journal = {arXiv e-prints},
     keywords = {Computer Science - Artificial Intelligence, Computer Science - Computation and Language},
         year = "2017",
        month = "Nov",
          eid = {arXiv:1711.02132},
        pages = {arXiv:1711.02132},
archivePrefix = {arXiv},
       eprint = {1711.02132},
 primaryClass = {cs.AI},
       adsurl = {https://ui.adsabs.harvard.edu/\#abs/2017arXiv171102132A},
      adsnote = {Provided by the SAO/NASA Astrophysics Data System}
}

@ARTICLE{1810.10183,
       author = {{Li}, Jian and {Tu}, Zhaopeng and {Yang}, Baosong and {Lyu}, Michael R. and
         {Zhang}, Tong},
        title = "{Multi-Head Attention with Disagreement Regularization}",
      journal = {arXiv e-prints},
     keywords = {Computer Science - Computation and Language, Computer Science - Artificial Intelligence},
         year = "2018",
        month = "Oct",
          eid = {arXiv:1810.10183},
        pages = {arXiv:1810.10183},
archivePrefix = {arXiv},
       eprint = {1810.10183},
 primaryClass = {cs.CL},
       adsurl = {https://ui.adsabs.harvard.edu/\#abs/2018arXiv181010183L},
      adsnote = {Provided by the SAO/NASA Astrophysics Data System}
}

@ARTICLE{1804.08199,
       author = {{Strubell}, Emma and {Verga}, Patrick and {Andor}, Daniel and
         {Weiss}, David and {McCallum}, Andrew},
        title = "{Linguistically-Informed Self-Attention for Semantic Role Labeling}",
      journal = {arXiv e-prints},
     keywords = {Computer Science - Computation and Language},
         year = "2018",
        month = "Apr",
          eid = {arXiv:1804.08199},
        pages = {arXiv:1804.08199},
archivePrefix = {arXiv},
       eprint = {1804.08199},
 primaryClass = {cs.CL},
       adsurl = {https://ui.adsabs.harvard.edu/\#abs/2018arXiv180408199S},
      adsnote = {Provided by the SAO/NASA Astrophysics Data System}
}

@ARTICLE{1901.09321,
       author = {{Zhang}, Hongyi and {Dauphin}, Yann N. and {Ma}, Tengyu},
        title = "{Fixup Initialization: Residual Learning Without Normalization}",
      journal = {arXiv e-prints},
     keywords = {Computer Science - Machine Learning, Computer Science - Computer Vision and Pattern Recognition, Statistics - Machine Learning},
         year = "2019",
        month = "Jan",
          eid = {arXiv:1901.09321},
        pages = {arXiv:1901.09321},
archivePrefix = {arXiv},
       eprint = {1901.09321},
 primaryClass = {cs.LG},
       adsurl = {https://ui.adsabs.harvard.edu/\#abs/2019arXiv190109321Z},
      adsnote = {Provided by the SAO/NASA Astrophysics Data System}
}

@ARTICLE{1805.11604,
       author = {{Santurkar}, Shibani and {Tsipras}, Dimitris and {Ilyas}, Andrew and
         {Madry}, Aleksander},
        title = "{How Does Batch Normalization Help Optimization?}",
      journal = {arXiv e-prints},
     keywords = {Statistics - Machine Learning, Computer Science - Machine Learning, Computer Science - Neural and Evolutionary Computing},
         year = "2018",
        month = "May",
          eid = {arXiv:1805.11604},
        pages = {arXiv:1805.11604},
archivePrefix = {arXiv},
       eprint = {1805.11604},
 primaryClass = {stat.ML},
       adsurl = {https://ui.adsabs.harvard.edu/\#abs/2018arXiv180511604S},
      adsnote = {Provided by the SAO/NASA Astrophysics Data System}
}

@ARTICLE{1901.02860,
       author = {{Dai}, Zihang and {Yang}, Zhilin and {Yang}, Yiming and
         {Carbonell}, Jaime and {Le}, Quoc V. and {Salakhutdinov}, Ruslan},
        title = "{Transformer-XL: Attentive Language Models Beyond a Fixed-Length Context}",
      journal = {arXiv e-prints},
     keywords = {Computer Science - Machine Learning, Computer Science - Computation and Language, Statistics - Machine Learning},
         year = "2019",
        month = "Jan",
          eid = {arXiv:1901.02860},
        pages = {arXiv:1901.02860},
archivePrefix = {arXiv},
       eprint = {1901.02860},
 primaryClass = {cs.LG},
       adsurl = {https://ui.adsabs.harvard.edu/\#abs/2019arXiv190102860D},
      adsnote = {Provided by the SAO/NASA Astrophysics Data System}
}

@ARTICLE{1803.02155,
       author = {{Shaw}, Peter and {Uszkoreit}, Jakob and {Vaswani}, Ashish},
        title = "{Self-Attention with Relative Position Representations}",
      journal = {arXiv e-prints},
     keywords = {Computer Science - Computation and Language},
         year = "2018",
        month = "Mar",
          eid = {arXiv:1803.02155},
        pages = {arXiv:1803.02155},
archivePrefix = {arXiv},
       eprint = {1803.02155},
 primaryClass = {cs.CL},
       adsurl = {https://ui.adsabs.harvard.edu/\#abs/2018arXiv180302155S},
      adsnote = {Provided by the SAO/NASA Astrophysics Data System}
}

@ARTICLE{1901.11117,
       author = {{So}, David R. and {Liang}, Chen and {Le}, Quoc V.},
        title = "{The Evolved Transformer}",
      journal = {arXiv e-prints},
     keywords = {Computer Science - Machine Learning, Computer Science - Computation and Language, Computer Science - Neural and Evolutionary Computing, Statistics - Machine Learning},
         year = "2019",
        month = "Jan",
          eid = {arXiv:1901.11117},
        pages = {arXiv:1901.11117},
archivePrefix = {arXiv},
       eprint = {1901.11117},
 primaryClass = {cs.LG},
       adsurl = {https://ui.adsabs.harvard.edu/\#abs/2019arXiv190111117S},
      adsnote = {Provided by the SAO/NASA Astrophysics Data System}
}

@ARTICLE{1804.09849,
       author = {{Chen}, Mia Xu and {Firat}, Orhan and {Bapna}, Ankur and
         {Johnson}, Melvin and {Macherey}, Wolfgang and {Foster}, George and
         {Jones}, Llion and {Parmar}, Niki and {Schuster}, Mike and
         {Chen}, Zhifeng and {Wu}, Yonghui and {Hughes}, Macduff},
        title = "{The Best of Both Worlds: Combining Recent Advances in Neural Machine Translation}",
      journal = {arXiv e-prints},
     keywords = {Computer Science - Computation and Language, Computer Science - Artificial Intelligence},
         year = "2018",
        month = "Apr",
          eid = {arXiv:1804.09849},
        pages = {arXiv:1804.09849},
archivePrefix = {arXiv},
       eprint = {1804.09849},
 primaryClass = {cs.CL},
       adsurl = {https://ui.adsabs.harvard.edu/\#abs/2018arXiv180409849C},
      adsnote = {Provided by the SAO/NASA Astrophysics Data System}
}

@ARTICLE{1805.00631,
       author = {{Zhang}, Biao and {Xiong}, Deyi and {Su}, Jinsong},
        title = "{Accelerating Neural Transformer via an Average Attention Network}",
      journal = {arXiv e-prints},
     keywords = {Computer Science - Computation and Language},
         year = "2018",
        month = "May",
          eid = {arXiv:1805.00631},
        pages = {arXiv:1805.00631},
archivePrefix = {arXiv},
       eprint = {1805.00631},
 primaryClass = {cs.CL},
       adsurl = {https://ui.adsabs.harvard.edu/\#abs/2018arXiv180500631Z},
      adsnote = {Provided by the SAO/NASA Astrophysics Data System}
}

@ARTICLE{1711.02281,
       author = {{Gu}, Jiatao and {Bradbury}, James and {Xiong}, Caiming and
         {Li}, Victor O.~K. and {Socher}, Richard},
        title = "{Non-Autoregressive Neural Machine Translation}",
      journal = {arXiv e-prints},
     keywords = {Computer Science - Computation and Language, Computer Science - Machine Learning},
         year = "2017",
        month = "Nov",
          eid = {arXiv:1711.02281},
        pages = {arXiv:1711.02281},
archivePrefix = {arXiv},
       eprint = {1711.02281},
 primaryClass = {cs.CL},
       adsurl = {https://ui.adsabs.harvard.edu/\#abs/2017arXiv171102281G},
      adsnote = {Provided by the SAO/NASA Astrophysics Data System}
}

@ARTICLE{1708.00107,
       author = {{McCann}, Bryan and {Bradbury}, James and {Xiong}, Caiming and
         {Socher}, Richard},
        title = "{Learned in Translation: Contextualized Word Vectors}",
      journal = {arXiv e-prints},
     keywords = {Computer Science - Computation and Language, Computer Science - Artificial Intelligence, Computer Science - Machine Learning},
         year = "2017",
        month = "Jul",
          eid = {arXiv:1708.00107},
        pages = {arXiv:1708.00107},
archivePrefix = {arXiv},
       eprint = {1708.00107},
 primaryClass = {cs.CL},
       adsurl = {https://ui.adsabs.harvard.edu/\#abs/2017arXiv170800107M},
      adsnote = {Provided by the SAO/NASA Astrophysics Data System}
}

@ARTICLE{1902.09113,
       author = {{Guo}, Qipeng and {Qiu}, Xipeng and {Liu}, Pengfei and {Shao}, Yunfan and
         {Xue}, Xiangyang and {Zhang}, Zheng},
        title = "{Star-Transformer}",
      journal = {arXiv e-prints},
     keywords = {Computer Science - Computation and Language},
         year = "2019",
        month = "Feb",
          eid = {arXiv:1902.09113},
        pages = {arXiv:1902.09113},
archivePrefix = {arXiv},
       eprint = {1902.09113},
 primaryClass = {cs.CL},
       adsurl = {https://ui.adsabs.harvard.edu/\#abs/2019arXiv190209113G},
      adsnote = {Provided by the SAO/NASA Astrophysics Data System}
}

@ARTICLE{1811.00287,
       author = {{Wang}, Mingxuan and {Xie}, Jun and {Tan}, Zhixing and {Su}, Jinsong and
         {xiong}, Deyi and {bian}, Chao},
        title = "{Towards Linear Time Neural Machine Translation with Capsule Networks}",
      journal = {arXiv e-prints},
     keywords = {Computer Science - Computation and Language},
         year = "2018",
        month = "Nov",
          eid = {arXiv:1811.00287},
        pages = {arXiv:1811.00287},
archivePrefix = {arXiv},
       eprint = {1811.00287},
 primaryClass = {cs.CL},
       adsurl = {https://ui.adsabs.harvard.edu/\#abs/2018arXiv181100287W},
      adsnote = {Provided by the SAO/NASA Astrophysics Data System}
}

@ARTICLE{1812.01243,
       author = {{Shen}, Zhuoran and {Zhang}, Mingyuan and {Yi}, Shuai and {Yan}, Junjie and
         {Zhao}, Haiyu},
        title = "{Factorized Attention: Self-Attention with Linear Complexities}",
      journal = {arXiv e-prints},
     keywords = {Computer Science - Computer Vision and Pattern Recognition, Computer Science - Artificial Intelligence, Computer Science - Machine Learning},
         year = "2018",
        month = "Dec",
          eid = {arXiv:1812.01243},
        pages = {arXiv:1812.01243},
archivePrefix = {arXiv},
       eprint = {1812.01243},
 primaryClass = {cs.CV},
       adsurl = {https://ui.adsabs.harvard.edu/\#abs/2018arXiv181201243S},
      adsnote = {Provided by the SAO/NASA Astrophysics Data System}
}

@ARTICLE{1901.10430,
       author = {{Wu}, Felix and {Fan}, Angela and {Baevski}, Alexei and
         {Dauphin}, Yann N. and {Auli}, Michael},
        title = "{Pay Less Attention with Lightweight and Dynamic Convolutions}",
      journal = {arXiv e-prints},
     keywords = {Computer Science - Computation and Language},
         year = "2019",
        month = "Jan",
          eid = {arXiv:1901.10430},
        pages = {arXiv:1901.10430},
archivePrefix = {arXiv},
       eprint = {1901.10430},
 primaryClass = {cs.CL},
       adsurl = {https://ui.adsabs.harvard.edu/\#abs/2019arXiv190110430W},
      adsnote = {Provided by the SAO/NASA Astrophysics Data System}
}

@ARTICLE{1805.08318,
       author = {{Zhang}, Han and {Goodfellow}, Ian and {Metaxas}, Dimitris and
         {Odena}, Augustus},
        title = "{Self-Attention Generative Adversarial Networks}",
      journal = {arXiv e-prints},
     keywords = {Statistics - Machine Learning, Computer Science - Machine Learning},
         year = "2018",
        month = "May",
          eid = {arXiv:1805.08318},
        pages = {arXiv:1805.08318},
archivePrefix = {arXiv},
       eprint = {1805.08318},
 primaryClass = {stat.ML},
       adsurl = {https://ui.adsabs.harvard.edu/\#abs/2018arXiv180508318Z},
      adsnote = {Provided by the SAO/NASA Astrophysics Data System}
}

@ARTICLE{1805.10807,
       author = {{Zhang}, Suofei and {Zhao}, Wei and {Wu}, Xiaofu and {Zhou}, Quan},
        title = "{Fast Dynamic Routing Based on Weighted Kernel Density Estimation}",
      journal = {arXiv e-prints},
     keywords = {Computer Science - Computer Vision and Pattern Recognition},
         year = "2018",
        month = "May",
          eid = {arXiv:1805.10807},
        pages = {arXiv:1805.10807},
archivePrefix = {arXiv},
       eprint = {1805.10807},
 primaryClass = {cs.CV},
       adsurl = {https://ui.adsabs.harvard.edu/\#abs/2018arXiv180510807Z},
      adsnote = {Provided by the SAO/NASA Astrophysics Data System}
}

@ARTICLE{1710.02224,
       author = {{Chang}, Shiyu and {Zhang}, Yang and {Han}, Wei and {Yu}, Mo and
         {Guo}, Xiaoxiao and {Tan}, Wei and {Cui}, Xiaodong and
         {Witbrock}, Michael and {Hasegawa-Johnson}, Mark and {Huang}, Thomas S.},
        title = "{Dilated Recurrent Neural Networks}",
      journal = {arXiv e-prints},
     keywords = {Computer Science - Artificial Intelligence, Computer Science - Machine Learning},
         year = "2017",
        month = "Oct",
          eid = {arXiv:1710.02224},
        pages = {arXiv:1710.02224},
archivePrefix = {arXiv},
       eprint = {1710.02224},
 primaryClass = {cs.AI},
       adsurl = {https://ui.adsabs.harvard.edu/\#abs/2017arXiv171002224C},
      adsnote = {Provided by the SAO/NASA Astrophysics Data System}
}

@ARTICLE{1803.01271,
       author = {{Bai}, Shaojie and {Zico Kolter}, J. and {Koltun}, Vladlen},
        title = "{An Empirical Evaluation of Generic Convolutional and Recurrent Networks for Sequence Modeling}",
      journal = {arXiv e-prints},
     keywords = {Computer Science - Machine Learning, Computer Science - Artificial Intelligence, Computer Science - Computation and Language},
         year = "2018",
        month = "Mar",
          eid = {arXiv:1803.01271},
        pages = {arXiv:1803.01271},
archivePrefix = {arXiv},
       eprint = {1803.01271},
 primaryClass = {cs.LG},
       adsurl = {https://ui.adsabs.harvard.edu/\#abs/2018arXiv180301271B},
      adsnote = {Provided by the SAO/NASA Astrophysics Data System}
}


@ARTICLE{1704.04861,
       author = {{Howard}, Andrew G. and {Zhu}, Menglong and {Chen}, Bo and
         {Kalenichenko}, Dmitry and {Wang}, Weijun and {Weyand}, Tobias and
         {Andreetto}, Marco and {Adam}, Hartwig},
        title = "{MobileNets: Efficient Convolutional Neural Networks for Mobile Vision Applications}",
      journal = {arXiv e-prints},
     keywords = {Computer Science - Computer Vision and Pattern Recognition},
         year = "2017",
        month = "Apr",
          eid = {arXiv:1704.04861},
        pages = {arXiv:1704.04861},
archivePrefix = {arXiv},
       eprint = {1704.04861},
 primaryClass = {cs.CV},
       adsurl = {https://ui.adsabs.harvard.edu/\#abs/2017arXiv170404861H},
      adsnote = {Provided by the SAO/NASA Astrophysics Data System}
}

